@article{Doherty2010,
author = {Doherty, Greg},
file = {:C$\backslash$:/Users/Tobias/AppData/Local/Mendeley Ltd./Mendeley Desktop/Downloaded/Doherty - 2010 - Numerical Integration.pdf:pdf},
number = {1975},
pages = {1--14},
title = {{Numerical Integration}},
url = {http://www.uow.edu.au/~greg/images/integrationNew.pdf},
year = {2010}
}
@book{Davis1975,
abstract = {The numerical evaluation of an integral is a frequently encountered problem in electromagnetic theory. This is particularly the case when the current distribution or near field of a scatterer or antenna is required, in which case the far-field approximation cannot be employed. A comparative study of several numerical quadrature techniques is presented. The superiority of a variable interval-width technique based on Romberg's method will be demonstrated for an integral typical of those which arise in scattering and radiation from thin-wire structures.},
author = {Davis, P J and Rabinowitz, P},
booktitle = {Computer Science and Applied Mathematics},
isbn = {0122063503},
issn = {00961973},
pages = {xii + 459},
title = {{Methods of numerical integration}},
volume = {17},
year = {1975}
}
@article{Gautschi1995,
author = {Gautschi, Walter},
doi = {10.1007/BF02141588},
file = {:C$\backslash$:/Users/Tobias/AppData/Local/Mendeley Ltd./Mendeley Desktop/Downloaded/Gautschi - 1995 - The work of Philip Rabinowitz on numerical integration.pdf:pdf},
issn = {10171398},
journal = {Numerical Algorithms},
keywords = {AMS subject classification: 01A65, 01A70, 65-03, 6,Work of P. Rabinowitz,bibliography,numerical integration},
number = {2},
pages = {199--222},
title = {{The work of Philip Rabinowitz on numerical integration}},
volume = {9},
year = {1995}
}
@article{Skokos2010,
abstract = {We present and compare different numerical schemes for the integration of the variational equations of autonomous Hamiltonian systems whose kinetic energy is quadratic in the generalized momenta and whose potential is a function of the generalized positions. We apply these techniques to Hamiltonian systems of various degrees of freedom and investigate their efficiency in accurately reproducing well-known properties of chaos indicators such as the Lyapunov characteristic exponents and the generalized alignment indices. We find that the best numerical performance is exhibited by the "tangent map method," a scheme based on symplectic integration techniques which proves to be optimal in speed and accuracy. According to this method, a symplectic integrator is used to approximate the solution of the Hamilton equations of motion by the repeated action of a symplectic map S , while the corresponding tangent map TS is used for the integration of the variational equations. A simple and systematic technique to construct TS is also presented.},
archivePrefix = {arXiv},
arxivId = {1006.0154},
author = {Skokos, Ch and Gerlach, E.},
doi = {10.1103/PhysRevE.82.036704},
eprint = {1006.0154},
file = {:C$\backslash$:/Users/Tobias/AppData/Local/Mendeley Ltd./Mendeley Desktop/Downloaded/Skokos, Gerlach - 2010 - Numerical integration of variational equations.pdf:pdf},
isbn = {00255718},
issn = {15393755},
journal = {Physical Review E - Statistical, Nonlinear, and Soft Matter Physics},
number = {3},
pmid = {21230210},
title = {{Numerical integration of variational equations}},
volume = {82},
year = {2010}
}
@article{Coleman1977,
author = {Coleman, Thomas G. and Mesick, Hillary C. and Darby, Ronnie L.},
doi = {10.1007/BF02367312},
file = {:C$\backslash$:/Users/Tobias/AppData/Local/Mendeley Ltd./Mendeley Desktop/Downloaded/Coleman, Mesick, Darby - 1977 - Numerical integration.pdf:pdf},
issn = {0090-6964},
journal = {Annals of Biomedical Engineering},
number = {4},
pages = {322--328},
title = {{Numerical integration}},
volume = {5},
year = {1977}
}
@incollection{GermundDahlquist2009,
author = {{Germund Dahlquist}, \AA ke Bj\"{o}rck},
booktitle = {Numerical Methods in Scientific Computing},
file = {:C$\backslash$:/Users/Tobias/AppData/Local/Mendeley Ltd./Mendeley Desktop/Downloaded/Germund Dahlquist - 2009 - Numerical integration.pdf:pdf},
isbn = {978-0-898716-44-3},
pages = {521--607},
publisher = {SIAM},
title = {{Numerical integration}},
url = {http://www.siam.org/books/ot103/},
volume = {1},
year = {2009}
}
@article{Owen2013,
author = {Owen, Art},
file = {:C$\backslash$:/Users/Tobias/AppData/Local/Mendeley Ltd./Mendeley Desktop/Downloaded/Owen - 2013 - Chapter 7.pdf:pdf},
journal = {Monte Carlo theory, methods and examples},
title = {{Chapter 7}},
year = {2013}
}
@book{HeuserAnalysis,
author = {Heuser, Harro},
edition = {16.},
pages = {648},
publisher = {Teubner},
title = {{Lehrbuch der Analysis}},
year = {2006}
}
@article{Quadrature2013,
author = {Quadrature, Adaptive},
file = {:C$\backslash$:/Users/Tobias/AppData/Local/Mendeley Ltd./Mendeley Desktop/Downloaded/Quadrature - 2013 - Chapter 6.pdf:pdf},
pages = {117},
title = {{Chapter 6}},
year = {2013}
}
@article{Wei√ü2014,
author = {Wei\ss, Daniel},
file = {:C$\backslash$:/Users/Tobias/AppData/Local/Mendeley Ltd./Mendeley Desktop/Downloaded/Wei\ss - 2014 - Inhaltsverzeichnis.pdf:pdf},
pages = {117},
title = {{Inhaltsverzeichnis}},
url = {http://www.math.kit.edu/ianm3/edu/numa2014s/de},
year = {2014}
}
@misc{Wiki_Integration,
author = {{Wikimedia Foundation}},
file = {:C$\backslash$:/Users/Tobias/AppData/Local/Mendeley Ltd./Mendeley Desktop/Downloaded/Wikipedia - 2015 - Numerical Integration.html:html},
title = {{Wikipedia, the free encyclopedia: Numerical Integration}},
url = {http://en.wikipedia.org/wiki/Numerical\_integration},
urldate = {2015-04-07},
year = {2015}
}
@article{,
file = {:C$\backslash$:/Users/Tobias/AppData/Local/Mendeley Ltd./Mendeley Desktop/Downloaded/Unknown - Unknown - Exp-x2.PDF.pdf:pdf},
title = {{Exp-x2.PDF}}
}
@article{NAGlib,
author = {{The Numerical Algorithms Group Ltd}, Oxford},
file = {:C$\backslash$:/Users/Tobias/AppData/Local/Mendeley Ltd./Mendeley Desktop/Downloaded/The Numerical Algorithms Group Ltd - 2012 - Chapter Introduction D01 Quadrature.pdf:pdf},
journal = {Library Manual},
pages = {1--7},
title = {{NAG Library Chapter Introduction - D01 - Quadrature}},
url = {http://www.nag.com/numeric/fl/nagdoc\_fl24/pdf/D01/d01intro.pdf},
year = {2012}
}
@misc{Wiki_MonteCarlo,
author = {{Wikimedia Foundation}},
file = {:C$\backslash$:/Users/Tobias/AppData/Local/Mendeley Ltd./Mendeley Desktop/Downloaded/Wikipedia - 2015 - Monte Carlo integration.html:html},
title = {{Wikipedia, the free encyclopedia: Monte Carlo integration}},
url = {http://en.wikipedia.org/wiki/Monte\_Carlo\_integration},
year = {2015}
}
@misc{,
title = {{Summary ALGLIB}},
url = {http://www.alglib.net/integration/gaussianquadratures.php}
}
@misc{Efunda2015,
author = {Efunda},
title = {{Numerical Integration - Cotes \& Gauss}},
url = {http://www.efunda.com/math/num\_integration/num\_integration.cfm},
year = {2015}
}
@misc{Dalziel1998,
author = {Dalziel, Stuart},
title = {{Numerical Methods Natural Sciences Tripos 1B Lecture Notes - Numerical Integration}},
url = {http://www.damtp.cam.ac.uk/lab/people/sd/lectures/nummeth98/integration.htm},
year = {1998}
}
@techreport{Espelid,
author = {Espelid, Terje O.},
file = {:C$\backslash$:/Users/Tobias/Desktop/Quadrature/2004-Quadrature Routines.pdf:pdf},
institution = {Department of Informatics University of Bergen, Norway},
title = {{A test of QUADPACK and Four Doubly Adaptive Quadrature Rules}},
year = {2004}
}
@article{Bailey2005,
abstract = {The authors have implemented three numerical quadrature schemes, using the Arbitrary Precision (ARPREC) software package. The objective here is a quadrature facility that can efficiently evaluate to very high precision a large class of integrals typical of those encountered in experimental mathematics, relying on a minimum of a priori information regarding the function to be integrated. Such a facility is useful, for example, to permit the experimental identification of definite integrals based on their numerical values. The performance and accuracy of these three quadrature schemes are compared using a suite of 15 integrals, ranging from continuous, well-behaved functions on finite intervals to functions with infinite derivatives and blow-up singularities at endpoints, as well as several integrals on an infinite interval. In results using 412-digit arithmetic, we achieve at least 400-digit accuracy, using two of the programs, for all problems except one highly oscillatory function on an infinite interval. Similar results were obtained using 1,012-digit arithmetic.},
author = {Bailey, David H. and Jeyabalan, Karthik and Li, Xiaoye S.},
doi = {10.1080/10586458.2005.10128931},
file = {:C$\backslash$:/Users/Tobias/Desktop/Quadrature/A Comparison of Three High-Precision Quadrature Schemes.pdf:pdf},
issn = {1058-6458},
journal = {Experimental Mathematics},
keywords = {and computational sciences of,arbitrary precision,berkeley,ca 94720 dhbailey,department of energy,division of math-,ematical,gov,information,lawrence berkeley national laboratory,lbl,numerical integration,numerical quadrature,office of computational and,s,supported in part by,technology research,the director,the u,this work was,under contract},
number = {3},
pages = {317--329},
title = {{A Comparison of Three High-Precision Quadrature Schemes}},
volume = {14},
year = {2005}
}
@article{Elsholtz2000,
author = {Elsholtz, Dr.},
file = {:C$\backslash$:/Users/Tobias/Desktop/Quadrature/konstruktion1.pdf:pdf},
title = {{Kombinatorische Geometrie Die klassischen griechischen Konstruktionsprobleme}},
year = {2000}
}
@article{Levy,
author = {Levy, D},
file = {:C$\backslash$:/Users/Tobias/Desktop/Quadrature/\# integration-lecture-notes\_levy.pdf:pdf},
pages = {1--24},
title = {{6 6.1 Numerical Integration}}
}
@article{Mathematics1969,
author = {Mathematics, Archimedes and Topics, Historical and Classroom, Mathematics and Greek, Later},
file = {:C$\backslash$:/Users/Tobias/Desktop/Quadrature/Archimedes.pdf:pdf},
title = {{Archimedes and His Quadrature of a Parabola Historical Context : Suggested Readings : Problem to Explore : Why This Problem is Important : Problem Solving Experiences :}},
year = {1969}
}
@article{Ranges,
author = {Ranges, X},
file = {:C$\backslash$:/Users/Tobias/Desktop/Quadrature/Ch21-integration.pdf:pdf},
journal = {Analysis},
pages = {640--642},
title = {{Chapter 21}}
}
@article{Robert2010,
author = {Robert, C.P. and Casella, G.},
doi = {10.1007/978-1-4419-1576-4},
file = {:C$\backslash$:/Users/Tobias/Desktop/Quadrature/scribe-lecture4.pdf:pdf},
isbn = {9781441915764},
journal = {Introducing Monte Carlo Methods with R},
number = {1},
pages = {1--14},
title = {{Monte Carlo Integration}},
volume = {4},
year = {2010}
}
@article{Rule,
author = {Rule, Midpoint},
doi = {10.1007/978-94-011-2646-5},
file = {:C$\backslash$:/Users/Tobias/Desktop/Quadrature/chap5.pdf:pdf},
isbn = {978-94-010-5169-9},
title = {{Numerical Integration}},
volume = {1}
}
@article{Weideman2002,
author = {Weideman, J. Andr\'{e} C},
doi = {10.2307/2695765},
file = {:C$\backslash$:/Users/Tobias/Desktop/Quadrature/X - Trapezoid Rule for Periodic.pdf:pdf},
issn = {00029890},
journal = {American Mathematical Monthly},
number = {1},
pages = {21--36},
title = {{Numerical integration of periodic functions: A few examples}},
volume = {109},
year = {2002}
}
@misc{Wiki_Simpsons,
author = {{Wikimedia Foundation}},
title = {{Wikipedia, the free encyclopedia: Simpson's rule}},
url = {https://en.wikipedia.org/wiki/Simpson\%27s\_rule},
year = {2015}
}
@misc{Wiki_Rectangle,
author = {{Wikimedia Foundation}},
title = {{Wikipedia, the free encyclopedia: Rectangle method}},
url = {https://en.wikipedia.org/wiki/Rectangle\_method},
year = {2015}
}
@misc{Wiki_Cotes,
author = {{Wikimedia Foundation}},
title = {{Wikipedia, the free encyclopedia: Newton-Cotes Formulas}},
url = {https://en.wikipedia.org/wiki/Newton‚ÄìCotes\_formulas},
year = {2015}
}
@article{,
file = {:C$\backslash$:/Users/Tobias/Desktop/Quadrature/LUO93 - Runge Kutta Quadrature.pdf:pdf},
number = {201},
pages = {105--131},
title = {{Jk ( t - T ) g ( T ) dT ,}},
volume = {60},
year = {2009}
}
@article{,
file = {:C$\backslash$:/Users/Tobias/Desktop/Quadrature/The Computer Journal-1977-Lyness-170-7 - A technique for comparing automatic quadrature techniques.pdf:pdf},
title = {{No Title}}
}
@misc{GSL_Reference,
author = {Galassi, Mark and Davies, Jim and Theiler, James and Gough, Brian and Jungman, Gerard and Alken, Patrick and Booth, Michael and Rossi, Fabrice and Ulerich, Rhys},
file = {:C$\backslash$:/Users/Tobias/AppData/Local/Mendeley Ltd./Mendeley Desktop/Downloaded/ebc4b785b3ef9ff0a1260dbb3f4a27e0808e37ad.html:html},
title = {{GNU Scientific Library Reference Manual}},
url = {http://www.gnu.org/software/gsl/manual/gsl-ref\_17.html\#SEC292}
}
@misc{nag_d01rgc,
author = {{Library Manual}},
file = {:C$\backslash$:/Users/Tobias/AppData/Local/Mendeley Ltd./Mendeley Desktop/Downloaded/85f51880f6b9f430a61c4ca19349555077950900.html:html},
title = {{NAG Library Function Document: nag\_quad\_1d\_fin\_gonnet\_vec (d01rgc)}},
url = {http://www.nag.co.uk/numeric/cl/nagdoc\_cl25/html/d01/d01rgc.html},
year = {2015}
}
@misc{nag_d01slc,
author = {{Library Manual}},
file = {:C$\backslash$:/Users/Tobias/AppData/Local/Mendeley Ltd./Mendeley Desktop/Downloaded/699f0ca2f0cd347e2d456e9a345d195f368957da.html:html},
title = {{NAG Library Function Document: nag\_1d\_quad\_brkpts\_1 (d01slc)}},
url = {http://www.nag.co.uk/numeric/cl/nagdoc\_cl25/html/d01/d01slc.html},
year = {2015}
}
@misc{nag_d01ac,
author = {{Library Manual}},
file = {:C$\backslash$:/Users/Tobias/AppData/Local/Mendeley Ltd./Mendeley Desktop/Downloaded/1c0dfdb1c13498bf1c24f10b7f73a322999c5dce.html:html},
publisher = {The Numerical Algorithms Group Ltd, Oxford, UK.},
title = {{NAG Library Function Document: nag\_quad\_2d\_fin (d01dac)}},
url = {http://www.nag.co.uk/numeric/cl/nagdoc\_cl25/html/d01/d01dac.html\#ref270},
year = {2015}
}
@misc{nag_d01sjc,
author = {{Library Manual}},
file = {:C$\backslash$:/Users/Tobias/AppData/Local/Mendeley Ltd./Mendeley Desktop/Downloaded/e75204639b375a7f2020d761d65e90c03c7584fd.html:html},
title = {{NAG Library Function Document: nag\_1d\_quad\_gen\_1 (d01sjc)}},
url = {http://www.nag.co.uk/numeric/cl/nagdoc\_cl25/html/d01/d01sjc.html},
year = {2015}
}
@misc{nag_d01snc,
author = {{Library Manual}},
file = {:C$\backslash$:/Users/Tobias/AppData/Local/Mendeley Ltd./Mendeley Desktop/Downloaded/0b6d04660595ba0b41c86fea2e4c082f3f86c59f.html:html},
title = {{NAG Library Function Document: nag\_1d\_quad\_wt\_trig\_1 (d01snc)}},
url = {http://www.nag.co.uk/numeric/cl/nagdoc\_cl25/html/d01/d01snc.html},
year = {2015}
}
@misc{nag_d01skc,
author = {{Library Manual}},
file = {:C$\backslash$:/Users/Tobias/AppData/Local/Mendeley Ltd./Mendeley Desktop/Downloaded/ab26f495c55aae660cf1eee5647b21a44488a1d8.html:html},
title = {{NAG Library Function Document: nag\_1d\_quad\_osc\_1 (d01skc)}},
url = {http://www.nag.co.uk/numeric/cl/nagdoc\_cl25/html/d01/d01skc.html},
year = {2015}
}
@misc{nag_d01ssc,
author = {{Library Manual}},
file = {:C$\backslash$:/Users/Tobias/AppData/Local/Mendeley Ltd./Mendeley Desktop/Downloaded/1b576319b60de4243b6ad93e9287254a072bf792.html:html},
title = {{NAG Library Function Document: nag\_1d\_quad\_inf\_wt\_trig\_1 (d01ssc)}},
url = {http://www.nag.co.uk/numeric/cl/nagdoc\_cl25/html/d01/d01ssc.html},
year = {2015}
}
@misc{nag_d01smc,
author = {{Library Manual}},
file = {:C$\backslash$:/Users/Tobias/AppData/Local/Mendeley Ltd./Mendeley Desktop/Downloaded/8a119dc3e78f445cf4fac360bb5261cf536c0ead.html:html},
title = {{NAG Library Function Document: nag\_1d\_quad\_inf\_1 (d01smc)}},
url = {http://www.nag.co.uk/numeric/cl/nagdoc\_cl25/html/d01/d01smc.html},
year = {2015}
}
@misc{nag_d01spc,
author = {{Library Manual}},
file = {:C$\backslash$:/Users/Tobias/AppData/Local/Mendeley Ltd./Mendeley Desktop/Downloaded/ede2e9c1852738d006c41b24f20c7b962cf60ca9.html:html},
title = {{NAG Library Function Document: nag\_1d\_quad\_wt\_alglog\_1 (d01spc)}},
url = {http://www.nag.co.uk/numeric/cl/nagdoc\_cl25/html/d01/d01spc.html},
year = {2015}
}
@article{Patterson1967,
abstract = {Optimum addition of abscissas in quadrature formulas by expansion of abscissas equation in Legendre polynomials},
author = {Patterson, T. N. L.},
doi = {10.1090/S0025-5718-68-99866-9},
file = {:C$\backslash$:/Users/Tobias/Desktop/Quadrature/S0025-5718-68-99866-9.pdf:pdf},
issn = {0025-5718},
pmid = {3067},
title = {{The optimum addition of points to quadrature formulae.}},
year = {1967}
}
@article{Gill1972,
author = {Gill, P. E. and Miller, G. F.},
doi = {10.1093/comjnl/15.1.80},
file = {:C$\backslash$:/Users/Tobias/Desktop/Quadrature/The Computer Journal-1972-Gill-80-3.pdf:pdf},
issn = {00104620},
journal = {Computer Journal},
number = {1},
pages = {80--83},
title = {{An algorithm for the integration of unequally spaced data}},
volume = {15},
year = {1972}
}
@misc{Johnson,
author = {Johnson, Steven G.},
file = {:C$\backslash$:/Users/Tobias/AppData/Local/Mendeley Ltd./Mendeley Desktop/Downloaded/97adb442865a4862fd8304463dd2f539364f6ff5.html:html},
title = {{Cubature (Multi-dimensional integration)}},
url = {http://ab-initio.mit.edu/wiki/index.php/Cubature},
year = {2014}
}
@misc{nag_d01bdc,
author = {{Library Manual}},
file = {:C$\backslash$:/Users/Tobias/AppData/Local/Mendeley Ltd./Mendeley Desktop/Downloaded/667daee5e488da9129f91a8cacbba567dec98091.html:html},
title = {{NAG Library Function Document: nag\_quad\_1d\_fin\_smooth (d01bdc)}},
url = {http://www.nag.co.uk/numeric/cl/nagdoc\_cl25/html/d01/d01bdc.html},
year = {2015}
}
@misc{nag_d01fdc,
author = {{Library Manual}},
file = {:C$\backslash$:/Users/Tobias/AppData/Local/Mendeley Ltd./Mendeley Desktop/Downloaded/818ce4eca04b568f18a5875182ee1f1f56ab68b6.html:html},
title = {{NAG Library Function Document: nag\_quad\_md\_sphere (d01fdc)}},
url = {http://www.nag.co.uk/numeric/cl/nagdoc\_cl25/html/d01/d01fdc.html},
year = {2015}
}
@misc{nag_d01fbc,
author = {{Library Manual}},
file = {:C$\backslash$:/Users/Tobias/AppData/Local/Mendeley Ltd./Mendeley Desktop/Downloaded/a647fe26e590b70e40b357e2069f35678659eab8.html:html},
title = {{NAG Library Function Document: nag\_quad\_md\_gauss (d01fbc)}},
url = {http://www.nag.co.uk/numeric/cl/nagdoc\_cl25/html/d01/d01fbc.html},
year = {2015}
}
@misc{nag_d01sqc,
author = {{Library Manual}},
file = {:C$\backslash$:/Users/Tobias/AppData/Local/Mendeley Ltd./Mendeley Desktop/Downloaded/6a1d7a3b952680a18d2c8287653437b32e501057.html:html},
title = {{NAG Library Function Document: nag\_1d\_quad\_wt\_cauchy\_1 (d01sqc)}},
url = {http://www.nag.co.uk/numeric/cl/nagdoc\_cl25/html/d01/d01sqc.html},
year = {2015}
}
@misc{nag_d01esc,
author = {{Library Manual}},
file = {:C$\backslash$:/Users/Tobias/AppData/Local/Mendeley Ltd./Mendeley Desktop/Downloaded/bbe55cbbddfd9306d6c0451dff8d0717d328d399.html:html},
title = {{NAG Library Function Document: nag\_quad\_md\_sgq\_multi\_vec (d01esc)}},
url = {http://www.nag.co.uk/numeric/cl/nagdoc\_cl25/html/d01/d01esc.html},
year = {2015}
}
@misc{nag_d01tac,
author = {{Library Manual}},
file = {:C$\backslash$:/Users/Tobias/AppData/Local/Mendeley Ltd./Mendeley Desktop/Downloaded/2f6bd2da18b04ef5b7472684cc3f750ce3f644f3.html:html},
title = {{NAG Library Function Document: nag\_1d\_quad\_gauss\_1 (d01tac)}},
url = {http://www.nag.co.uk/numeric/cl/nagdoc\_cl25/html/d01/d01tac.html},
year = {2015}
}
@misc{Wiki_Gauss,
author = {{Wikimedia Foundation}},
title = {{Wikipedia, the free encyclopedia: Gaussian Quadrature}},
url = {https://en.wikipedia.org/wiki/Gaussian\_quadrature},
year = {2015}
}
@misc{,
file = {:C$\backslash$:/Users/Tobias/AppData/Local/Mendeley Ltd./Mendeley Desktop/Downloaded/45f55cb56a45749e1c5e200506def5ca90d1a811.html:html},
title = {{Index @ De.Wikipedia.Org}},
url = {http://de.wikipedia.org/w/index.php?title=Hagane\_no\_Renkinjutsushi:\_Milos\_no\_Seinaru\_Hoshi\&action=edit\&redlink=1}
}
@misc{nag_d01gdc,
author = {{Library Manual}},
file = {:C$\backslash$:/Users/Tobias/AppData/Local/Mendeley Ltd./Mendeley Desktop/Downloaded/3391eb5fb32a6de490923b14bfc7ccaad0386591.html:html},
title = {{NAG Library Function Document: nag\_quad\_md\_numth\_vec (d01gdc)}},
url = {http://www.nag.co.uk/numeric/cl/nagdoc\_cl25/html/d01/d01gdc.html},
year = {2015}
}
@misc{nag_d01pac,
author = {{Library Manual}},
file = {:C$\backslash$:/Users/Tobias/AppData/Local/Mendeley Ltd./Mendeley Desktop/Downloaded/9e970e136809dd7996bccc5408a3b167f60a8a1f.html:html},
title = {{NAG Library Function Document: nag\_quad\_md\_simplex (d01pac)}},
url = {http://www.nag.co.uk/numeric/cl/nagdoc\_cl25/html/d01/d01pac.html},
year = {2015}
}
@misc{nag_d01wcc,
author = {{Library Manual}},
file = {:C$\backslash$:/Users/Tobias/AppData/Local/Mendeley Ltd./Mendeley Desktop/Downloaded/a5f6f494c60e05dd6a09fa17d7242333d717c027.html:html},
title = {{NAG Library Function Document: nag\_multid\_quad\_adapt\_1 (d01wcc)}},
url = {http://www.nag.co.uk/numeric/cl/nagdoc\_cl25/html/d01/d01wcc.html},
year = {2015}
}
@misc{nag_d01xbc,
author = {{Library Manual}},
file = {:C$\backslash$:/Users/Tobias/AppData/Local/Mendeley Ltd./Mendeley Desktop/Downloaded/0c5442ad387799350c083fde7fd3a88c292f0e1f.html:html},
title = {{NAG Library Function Document: nag\_multid\_quad\_monte\_carlo\_1 (d01xbc)}},
url = {http://www.nag.co.uk/numeric/cl/nagdoc\_cl25/html/d01/d01xbc.html},
year = {2015}
}
@misc{nag_d01gac,
author = {{Library Manual}},
file = {:C$\backslash$:/Users/Tobias/AppData/Local/Mendeley Ltd./Mendeley Desktop/Downloaded/346ab0b5d569c2472f9e5219503dfeb42bbf8cbc.html:html},
title = {{NAG Library Function Document: nag\_1d\_quad\_vals (d01gac)}},
url = {http://www.nag.co.uk/numeric/cl/nagdoc\_cl25/html/d01/d01gac.html},
year = {2015}
}
@article{Judd2011,
abstract = {Efficient, accurate, multi-dimensional, numerical integration has be- come an important tool for approximating the integrals which arise in modern economic models built on unobserved heterogeneity, incomplete information, and uncertainty. This paper demonstrates that polynomial- based rules out-perform number-theoretic quadrature (Monte Carlo) rules both in terms of efficiency and accuracy. To show the impact a quadra- ture method can have on results, we examine the performance of these rules in the context of Berry, Levinsohn, and Pakes (1995)‚Äôs model of product differentiation, where Monte Carlo methods introduce consider- able numerical error and instability into the computations. These prob- lems include inaccurate point estimates, excessively tight standard errors, instability of the inner loop ‚Äòcontraction‚Äô mapping for inverting market shares, and poor convergence of several state of the art solvers when com- puting point estimates. Both monomial rules and sparse grid methods lack these problems and provide a more accurate, cheaper method for quadrature. Finally, we demonstrate how researchers can easily utilize high quality, high dimensional quadrature rules in their own work.},
author = {Judd, Kenneth L and Skrainka, Benjamin S},
doi = {10.2139/ssrn.1870703},
file = {:C$\backslash$:/Users/Tobias/Desktop/Quadrature/\# HighPerformanceQuad.pdf:pdf},
issn = {1556-5068},
journal = {Working Papers},
keywords = {and jp dub\'{e},been possible without the,discrete choice,econometrics,gauss-hermite quadra-,help of che-lin su,monomial rules,monte carlo integration,numerical integration,paper would not have,prod-,pseudo-monte carlo,random coe ffi cients,sparse grids,ture,uct di ff erentiation},
title = {{High performance quadrature rules: how numerical integration affects a popular model of product differentiation}},
year = {2011}
}
