@book{quadpack,
   title = "Quadpack : a subroutine package for automatic integration",
   author = "Piessens, Robert",
   series = "Springer series in computational mathematics",
   publisher = "Springer-Verlag",
   address = "Berlin, New York",
   url = "http://opac.inria.fr/record=b1091802",
   isbn = "0-387-12553-1",
   note = "Catalogin based on CIP information",
   year = 1983
}


 @misc{ wiki:gauss,
   author = "Wikipedia",
   title = "Gaussian quadrature --- Wikipedia{,} The Free Encyclopedia",
   year = "2015",
   url = "https://en.wikipedia.org/w/index.php?title=Gaussian_quadrature&oldid=662972730",
   note = "[Online; accessed 29-June-2015]"
 }

 @misc{ wiki:montecarlo,
   author = "Wikipedia",
   title = "Monte Carlo integration --- Wikipedia{,} The Free Encyclopedia",
   year = "2015",
   url = "https://en.wikipedia.org/w/index.php?title=Monte_Carlo_integration&oldid=665974389",
   note = "[Online; accessed 29-June-2015]"
 }

 @misc{ wiki:numerical_integration,
   author = "Wikipedia",
   title = "Numerical integration --- Wikipedia{,} The Free Encyclopedia",
   year = "2015",
   url = "https://en.wikipedia.org/w/index.php?title=Numerical_integration&oldid=668344416",
   note = "[Online; accessed 29-June-2015]"
 }

 @misc{ wiki:rectangle,
   author = "Wikipedia",
   title = "Rectangle method --- Wikipedia{,} The Free Encyclopedia",
   year = "2015",
   url = "https://en.wikipedia.org/w/index.php?title=Rectangle_method&oldid=659224072",
   note = "[Online; accessed 29-June-2015]"
 }